<?xml version="1.0" encoding="UTF-8"?><collection><record><leader>06200ntm a2200553 a 4500</leader><controlfield tag="001">006795144</controlfield><controlfield tag="003">MiAaHDL</controlfield><controlfield tag="005">20190719000000.0</controlfield><controlfield tag="006">m        d        </controlfield><controlfield tag="007">cr bn ---auaua</controlfield><controlfield tag="008">090520s1400    xx            00| ||ara d</controlfield><datafield tag="035" ind1=" " ind2=" "><subfield code="a">(MiU)006795144</subfield></datafield><datafield tag="035" ind1=" " ind2=" "><subfield code="a">sdr-miu006795144</subfield></datafield><datafield tag="040" ind1=" " ind2=" "><subfield code="a">MiU</subfield><subfield code="c">MiU</subfield><subfield code="e">amremm</subfield></datafield><datafield tag="043" ind1=" " ind2=" "><subfield code="a">n-us-mi</subfield></datafield><datafield tag="100" ind1="1" ind2=" "><subfield code="6">880-01</subfield><subfield code="a">Mawṣilī, ʻAbd Allāh ibn Maḥmūd,</subfield><subfield code="d">1202 or 1203-1284.</subfield></datafield><datafield tag="245" ind1="1" ind2="3"><subfield code="6">880-03</subfield><subfield code="a">al-Mukhtār lil-fatwá,</subfield><subfield code="f">[803, i.e. 1400].</subfield></datafield><datafield tag="246" ind1="3" ind2=" "><subfield code="i">Title from head of opening leaf:</subfield><subfield code="a">مطلب من الفقه</subfield></datafield><datafield tag="246" ind1="3" ind2=" "><subfield code="i">Edge title (tail):</subfield><subfield code="a">مختار</subfield></datafield><datafield tag="260" ind1=" " ind2=" "><subfield code="c">[1400].</subfield></datafield><datafield tag="300" ind1=" " ind2=" "><subfield code="a">141 leaves :</subfield><subfield code="b">paper ;</subfield><subfield code="c">187 x 150 (115 x 83) mm.</subfield></datafield><datafield tag="500" ind1=" " ind2=" "><subfield code="a">Shelfmark: Ann Arbor, University of Michigan, Special Collections Library, Isl. Ms. 543</subfield></datafield><datafield tag="500" ind1=" " ind2=" "><subfield code="a">Origin: As appears in colophon on p.287, copied by Mūsá ibn Ḥājjī with transcription completed 15 [?] Rabīʻ I 803 [ca. 3 November 1400].</subfield></datafield><datafield tag="500" ind1=" " ind2=" "><subfield code="a">Accompanying materials: Inventory cataloguing slip in hand of Winifred Smeaton Thomas.</subfield></datafield><datafield tag="500" ind1=" " ind2=" "><subfield code="a">Former shelfmark: From interior of upper cover "IL 325" and spine label (likely supplied by Yahuda).</subfield></datafield><datafield tag="500" ind1=" " ind2=" "><subfield code="a">Binding: Pasteboards covered in laid paper with dark red-brown leather over spine, foreedge flap, and edges/turn-ins (framed binding) ; Type II binding (with flap) ; board linings in untinted laid paper ; upper and lower covers carry blind-tooled central ornament (effect of diamond with pendants) built up of four-pointed stars ; sewn in cream thread, two stations ; worked chevron endbands in slate blue and light yellow, fairly good condition (tail especially) ; overall in poor condition with significant abrasion, lifting and losses of paper and leather (especially at spine), delamination of boards, pest damage, cover detaching at spine (spine lining is well affixed to cover but detaching from textblock), etc. ; ill-fitting and likely not made to measure to this textblock (perhaps to fit a range of sizes, note overlapping leather flanges on spine) ; housed in box for protection.</subfield></datafield><datafield tag="500" ind1=" " ind2=" "><subfield code="a">Support: non-European (lkely Arab) laid paper with 8 laid lines per cm. (vertical) and chain lines grouped in threes with 8-10 mm. between chains and 47-50 between groups (horizontal), see pp.52-53 ; well-burnished, fairly smooth, thick and sturdy though fairly crisp, dark cream in color ; staining, tide lines, tears, and some pest damage.</subfield></datafield><datafield tag="500" ind1=" " ind2=" "><subfield code="a">Decoration: Keywords, section headings and abbreviation symbols rubricated ;</subfield></datafield><datafield tag="500" ind1=" " ind2=" "><subfield code="a">Script: Naskh ; fine Turkish or 'Syrian' hand in a medium line ; virtually serifless with slight effect of tilt to the left, some elongation and exaggerated thickness of horizontal strokes, many open counters, pointing in strokes rather than distinct dots, kāf mashqūqah preferred though occasionally represented by partial ascender with seated hamzah (especially in rubricated headings see p.217, etc.) ; colophon in a script approaching tawqīʻ, highly ligatured.</subfield></datafield><datafield tag="500" ind1=" " ind2=" "><subfield code="a">Layout: Written in 11 lines per page ; frame-ruled.</subfield></datafield><datafield tag="500" ind1=" " ind2=" "><subfield code="a">Collation: IV-2 (6), 16 IV(134), IV-1 (141) ; almost exclusively quaternions ; catchwords present though nearly cut off ; pagination in pencil, Western numerals, supplied during digitization (mistakenly skips ahead ten pages following p.268 with p.279).</subfield></datafield><datafield tag="500" ind1=" " ind2=" "><subfield code="a">Colophon: "Scribal," rectangular, reads "تم بعون الله وحسن توفيقه وصلى الله على سيدنا محمد واله وصحبه اجمعين وقع الفراغ من كتابة الكتاب الشريف في ليلة الخمسة العشرة في شهر الله المبارك ربيع الاول سنة ثلث وثمانمائة على يد العبد الضعيف المحتاج الى رحمة ربه [؟] اللطيف موسى بن حاجى غفر الله له ولوالديه واحسن اليهما واليه ولجميع المسلمين والمسلمات اجمعين آمين يا رب العالمين وصلى الله على سيدنا محمد واله الطيبين الطاهرين"</subfield></datafield><datafield tag="500" ind1=" " ind2=" "><subfield code="a">Explicit: "كان لم يكن ثم اقسم الباقي على سهام الباقين"</subfield></datafield><datafield tag="500" ind1=" " ind2=" "><subfield code="a">Incipit: "الفقهاء واشهر وشاع بينهم ذكره وانتشر طلب مني بعض اولاد بني اخي النجباء ان ارمزه رموزا يعدف بها مذاهب بقية الفقهاء ... كتاب الطهارة فمن اراد الصلوة وهو محدث فليتوضأ"</subfield></datafield><datafield tag="500" ind1=" " ind2=" "><subfield code="a">Title from inscription on interior of upper cover.</subfield></datafield><datafield tag="500" ind1=" " ind2=" "><subfield code="a">Ms. codex.</subfield></datafield><datafield tag="510" ind1="4" ind2=" "><subfield code="a">Ḥājjī Khalīfah. Kashf al-ẓunūn,</subfield><subfield code="c">v 436, no.11585</subfield></datafield><datafield tag="510" ind1="4" ind2=" "><subfield code="a">Brockelmann, C. GAL,</subfield><subfield code="c">I 382 (47/no. 1)</subfield></datafield><datafield tag="520" ind1="8" ind2=" "><subfield code="a">Fine (though acephalous) copy of Abū al-Faḍl ʻAbd Allāh ibn Maḥmūd ibn Mawdūd al-Mawṣilī al-Buldajī’s (d.1284) compendium of Ḥanafī legal decisions. See Isl. Ms. 542 and Isl. Ms. 78 for other ms. copies of this work.</subfield></datafield><datafield tag="538" ind1=" " ind2=" "><subfield code="a">Mode of access: Internet.</subfield></datafield><datafield tag="541" ind1=" " ind2=" "><subfield code="a">Acquired in 1926 from the bookseller Isaac Benjamin S.E. Yahuda via purchase transacted on his behalf by his younger brother, the famous Orientalist and manuscript collector Abraham Shalom Yahuda (1877-1951).</subfield></datafield><datafield tag="546" ind1=" " ind2=" "><subfield code="a">Arabic.</subfield></datafield><datafield tag="561" ind1=" " ind2=" "><subfield code="a">Book price (قيمت ٨٥) and kabīkaj invocation ("يا كبيكج يا حفيظ") on upper board lining ; excerpts, prayers, diagrams, etc. on leaves (originally blank) following close of text (pp.288-292) including jadwal for use in determining the opening day of each month of the year (هذا بيان غرة الشهور) on p.289 ; ownership statement on p.290 ; statement in Turkish on lower board lining ; extensive marginal and interlinear glosses and corrections.</subfield></datafield><datafield tag="650" ind1=" " ind2="0"><subfield code="a">Manuscripts, Arabic</subfield><subfield code="z">Michigan</subfield><subfield code="z">Ann Arbor.</subfield></datafield><datafield tag="650" ind1=" " ind2="0"><subfield code="a">Hanafites</subfield><subfield code="v">Early works to 1800.</subfield></datafield><datafield tag="650" ind1=" " ind2="0"><subfield code="a">Islamic law</subfield><subfield code="v">Early works to 1800.</subfield></datafield><datafield tag="773" ind1="0" ind2=" "><subfield code="a">Yahuda Collection.</subfield></datafield><datafield tag="880" ind1="1" ind2="2"><subfield code="6">245-03/</subfield><subfield code="a">المختار للفتوى,</subfield><subfield code="f">[803ه، 1400م].</subfield></datafield><datafield tag="880" ind1="1" ind2=" "><subfield code="6">100-01/</subfield><subfield code="a">.موصلي، عبد الله بن محمود</subfield></datafield><datafield tag="CID" ind1=" " ind2=" "><subfield code="a">006795144</subfield></datafield><datafield tag="DAT" ind1="0" ind2=" "><subfield code="a">20190719102635.0</subfield><subfield code="b">20190719000000.0</subfield></datafield><datafield tag="DAT" ind1="1" ind2=" "><subfield code="a">20190719090653.0</subfield><subfield code="b">2019-07-19T16:11:25Z</subfield></datafield><datafield tag="DAT" ind1="2" ind2=" "><subfield code="a">2015-10-02T18:00:03Z</subfield></datafield><datafield tag="CAT" ind1=" " ind2=" "><subfield code="a">SDR-MIU</subfield><subfield code="d">EX LIBRIS - ALEPH</subfield><subfield code="l">prepare.pl-004-008</subfield></datafield><datafield tag="FMT" ind1=" " ind2=" "><subfield code="a">BK</subfield></datafield><datafield tag="HOL" ind1=" " ind2=" "><subfield code="0">sdr-miu006795144</subfield><subfield code="a">MiU</subfield><subfield code="b">SDR</subfield><subfield code="c">MIU</subfield><subfield code="p">mdp.39015079126309</subfield><subfield code="s">MIU</subfield><subfield code="1">006795144</subfield></datafield><datafield tag="974" ind1=" " ind2=" "><subfield code="b">MIU</subfield><subfield code="c">MIU</subfield><subfield code="d">20190719</subfield><subfield code="s">lit-dlps-dc</subfield><subfield code="u">mdp.39015079126309</subfield><subfield code="y">1400</subfield><subfield code="r">pd</subfield><subfield code="q">bib</subfield><subfield code="t">non-US bib date1 &lt; 1879</subfield></datafield></record></collection>